% This file was created with JabRef 2.10.
% Encoding: UTF8


@Manual{abntex2classe,
  Title                    = {A classe abntex2: Modelo canônico de trabalhos acadêmicos brasileiros compatível com as normas ABNT NBR 14724:2011, ABNT NBR 6024:2012 e outras},
  Author                   = {abnTeX2; Araújo, Lauro César},
  Organization             = {Equipe abnTeX2},
  Year                     = {2013},

  Bdsk-url-1               = {http://code.google.com/p/abntex2/},
  Date-added               = {2013-01-09 10:37:38 +0000},
  Date-modified            = {2013-04-05 11:03:48 +0000},
  Timestamp                = {2014.06.26},
  Url                      = {http://abntex2.googlecode.com/}
}

@Misc{BibTeX2009,
  Title                    = {BibTeX.org},

  Author                   = {BibTeX},
  Year                     = {2009},

  Timestamp                = {2013.12.29},
  Url                      = {http://www.bibtex.org},
  Urlaccessdate            = {8 de novembro de 2009}
}

@Misc{JabRef2009,
  Title                    = {JabRef reference manager},

  Author                   = {JabRef},
  Year                     = {2009},

  Timestamp                = {2013.12.29},
  Url                      = {http://jabref.sourceforge.net},
  Urlaccessdate            = {8 de novembro de 2009}
}

@Misc{LaTeX2009,
  Title                    = {The LaTeX project},

  Author                   = {LaTeX},
  Year                     = {2009},

  Timestamp                = {2013.12.29},
  Url                      = {http://www.latex-project.org},
  Urlaccessdate            = {8 de novembro de 2009}
}

@Misc{MiKTeX2009,
  Title                    = {The MiKTeX project},

  Author                   = {MiKTeX},
  Year                     = {2009},

  Timestamp                = {2013.12.29},
  Url                      = {http://www.miktex.org},
  Urlaccessdate            = {8 de novembro de 2009}
}

@Misc{TeX-Br2009,
  Title                    = {Comunidade TeX-Br},

  Author                   = {TeX-BR},
  Year                     = {2009},

  Timestamp                = {2013.12.29},
  Url                      = {http://www.tex-br.org/index.php},
  Urlaccessdate            = {8 de novembro de 2009}
}

@Misc{TeXnicCenter2009,
  Title                    = {TeX nicCenter: the center of your LaTeX universe},

  Author                   = {TeXnicCenter},
  Year                     = {2009},

  Timestamp                = {2013.12.29},
  Url                      = {http://www.texniccenter.org},
  Urlaccessdate            = {8 de novembro de 2009}
}

@Misc{Wikibooks2009,
  Title                    = {LaTeX},

  Author                   = {Wikibooks},
  Year                     = {2009},

  Timestamp                = {2013.12.29},
  Url                      = {http://en.wikibooks.org/wiki/LaTeX},
  Urlaccessdate            = {8 de novembro de 2009}
}

@Misc{Cormen,
  Title                    = {Algoritmos: Teoria e Prática},

  Author                   = {Charles Eric Leiserson; THOMAS H CORMEN; Clifford Stein; Ronald Rivest}
  Year                     = {1990},
  
  Timestamp                = {2016.07.01},
  Url                      = {https://mitpress.mit.edu/books/introduction-algorithms},
  Urlaccessdate            = {01 de Julho de 2016}
}
